<record><leader>00000cas a2200000 a 4500</leader><controlfield tag="001">50512002</controlfield><controlfield tag="008">020830d190519uucauwr ne      0    0eng c</controlfield><datafield ind1=" " ind2=" " tag="010"><subfield code="a">sn2002060264</subfield></datafield><datafield ind1=" " ind2=" " tag="040"><subfield code="a">CNK</subfield><subfield code="b">eng</subfield><subfield code="c">CNK</subfield><subfield code="d">OCLCQ</subfield><subfield code="d">OCLCF</subfield><subfield code="d">OCLCO</subfield></datafield><datafield ind1="1" ind2=" " tag="029"><subfield code="a">AU@</subfield><subfield code="b">000024044904</subfield></datafield><datafield ind1=" " ind2=" " tag="042"><subfield code="a">pcc</subfield></datafield><datafield ind1=" " ind2=" " tag="043"><subfield code="a">n-us-ca</subfield></datafield><datafield ind1="0" ind2="0" tag="245"><subfield code="a">Huntington Beach news.</subfield></datafield><datafield ind1="1" ind2="7" tag="246"><subfield code="a">Marina news/Huntington Beach news</subfield><subfield code="f">Jan. 14-&lt;Dec. 29, 1982&gt;</subfield></datafield><datafield ind1="1" ind2="7" tag="246"><subfield code="a">Long Beach/Huntington Beach news</subfield><subfield code="f">&lt;Jan. 3, 1985&gt;-Sept. 26, 1986</subfield></datafield><datafield ind1=" " ind2=" " tag="260"><subfield code="a">Huntington Beach, Calif. :</subfield><subfield code="b">E.W. Hoag</subfield></datafield><datafield ind1=" " ind2=" " tag="300"><subfield code="a">v.</subfield></datafield><datafield ind1=" " ind2=" " tag="310"><subfield code="a">Weekly</subfield></datafield><datafield ind1="1" ind2=" " tag="362"><subfield code="a">Began in 1905.</subfield></datafield><datafield ind1=" " ind2=" " tag="588"><subfield code="a">Description based on: Vol. 1, no. 4 (June 9, 1905).</subfield></datafield><datafield ind1=" " ind2="0" tag="651"><subfield code="a">Huntington Beach (Calif.)</subfield><subfield code="v">Newspapers.</subfield></datafield><datafield ind1=" " ind2="7" tag="655"><subfield code="a">Newspapers.</subfield><subfield code="2">fast</subfield><subfield code="0">(OCoLC)fst01423814</subfield></datafield><datafield ind1=" " ind2="7" tag="651"><subfield code="a">California</subfield><subfield code="z">Huntington Beach.</subfield><subfield code="2">fast</subfield><subfield code="0">(OCoLC)fst01212920</subfield></datafield><datafield ind1=" " ind2=" " tag="752"><subfield code="a">United States</subfield><subfield code="b">California</subfield><subfield code="c">Orange</subfield><subfield code="d">Huntington Beach.</subfield></datafield></record>